@techreport{boothEA_dwave,
    title       = {Partitioning optimization problems for hybrid classical/quantum execution},
    author      = {Booth, M. and Reinhardt, S. and Roy, A.},
    institution = {D-Wave Systems Inc.},
    year        = {2017},
    url         = {https://www.dwavesys.com/sites/default/files/partitioning_QUBOs_for_quantum_acceleration-2.pdf},
    note        = {Accessed 2018-07-12}
}

@misc{cplex,
    title        = { {IBM ILOG CPLEX} Optimization Studio {CPLEX} Parameters Reference},
    howpublished = {\url{https://www.ibm.com/support/knowledgecenter/SSSA5P_12.6.3/ilog.odms.studio.help/pdf/paramcplex.pdf}},
    note         = {Accessed: 30 August 2018}
}

@article{desrochersEA92,
    title     = {A new optimization algorithm for the vehicle routing problem with time windows},
    author    = {Desrochers, Martin and Desrosiers, Jacques and Solomon, Marius},
    journal   = {Operations research},
    volume    = {40},
    number    = {2},
    pages     = {342--354},
    year      = {1992},
    publisher = {INFORMS}
}

@article{harwood2021formulating,
    title     = {Formulating and solving routing problems on quantum computers},
    author    = {Harwood, Stuart and Gambella, Claudio and Trenev, Dimitar and Simonetto, Andrea and Bernal, David and Greenberg, Donny},
    journal   = {IEEE Transactions on Quantum Engineering},
    volume    = {2},
    pages     = {1--17},
    year      = {2021},
    publisher = {IEEE}
}

@article{lucas14,
    title     = {Ising formulations of many {NP} problems},
    author    = {Lucas, Andrew},
    journal   = {Frontiers in Physics},
    volume    = {2},
    pages     = {5},
    year      = {2014},
    publisher = {Frontiers}
}

@article{mirplib,
    title     = { {MIRPLib}--A library of maritime inventory routing problem instances: Survey, core model, and benchmark results},
    author    = {Papageorgiou, Dimitri J. and Nemhauser, George L. and Sokol, Joel and Cheon, Myun-Seok and Keha, Ahmet B.},
    journal   = {European Journal of Operational Research},
    volume    = {235},
    number    = {2},
    pages     = {350--366},
    year      = {2014},
    publisher = {Elsevier}
}

@article{zaghroutiEA14,
    title     = {Integral simplex using decomposition for the set partitioning problem},
    author    = {Zaghrouti, Abdelouahab and Soumis, Fran{\c{c}}ois and El Hallaoui, Issmail},
    journal   = {Operations Research},
    volume    = {62},
    number    = {2},
    pages     = {435--449},
    year      = {2014},
    publisher = {INFORMS}
}