@book{bertsekas_nlp,
   author = {Bertsekas, Dimitri P.},
   year = {1999},
   title = {Nonlinear Programming},
   publisher = {Athena Scientific},
   address = {Belmont, Massachusetts},
   edition = {second}
}

@book{bertsekas_lmm,
   author = {Bertsekas, Dimitri P.},
   year = {1996},
   title = {Constrained Optimization and Lagrange Multiplier Methods},
   publisher = {Athena Scientific},
   address = {Belmont, Massachusetts}
}

@book{rudin_pma,
author={Rudin, Walter},
year={1976},
title={Principles of Mathematical Analysis},
publisher={McGraw-Hill},
address={New York},
edition={third}
}