@article{ loridanEA96,
  title={Weak via strong Stackelberg problem: new results},
  author={Loridan, Pierre and Morgan, Jacqueline},
  journal={Journal of global Optimization},
  volume={8},
  number={3},
  pages={263--287},
  year={1996},
  publisher={Springer}
}

@article{ colsonEA07,
  title={An overview of bilevel optimization},
  author={Colson, Beno{\^\i}t and Marcotte, Patrice and Savard, Gilles},
  journal={Annals of operations research},
  volume={153},
  number={1},
  pages={235--256},
  year={2007},
  publisher={Springer}
}

@article{ bard83,
  title={An algorithm for solving the general bilevel programming problem},
  author={Bard, Jonathan F.},
  journal={Mathematics of Operations Research},
  volume={8},
  number={2},
  pages={260--272},
  year={1983},
  publisher={INFORMS}
}

@article{ tuyEA93,
  title={A global optimization approach for the linear two-level program},
  author={Tuy, Hoang and Migdalas, Athanasios and V{\"a}rbrand, Peter},
  journal={Journal of Global Optimization},
  volume={3},
  number={1},
  pages={1--23},
  year={1993},
  publisher={Springer}
}

@article{ steinEA02,
  title={On generalized semi-infinite optimization and bilevel optimization},
  author={Stein, Oliver and Still, Georg},
  journal={European Journal of Operational Research},
  volume={142},
  number={3},
  pages={444--462},
  year={2002},
  publisher={Elsevier}
}

@article{ tsoukalasEA09,
  title={A global optimization algorithm for generalized semi-infinite, continuous minimax with coupled constraints and bi-level problems},
  author={Tsoukalas, Angelos and Rustem, Ber{\c{c}} and Pistikopoulos, Efstratios N.},
  journal={Journal of Global Optimization},
  volume={44},
  number={2},
  pages={235--250},
  year={2009},
  publisher={Springer US}
}

@article{ mitsosEA08,
  title={Global solution of bilevel programs with a nonconvex inner program},
  author={Mitsos, Alexander and Lemonidis, Panayiotis and Barton, Paul I.},
  journal={Journal of Global Optimization},
  volume={42},
  number={4},
  pages={475--513},
  year={2008},
  publisher={Springer US}
}
@article{ mitsosEA09,
  title={Towards global bilevel dynamic optimization},
  author={Mitsos, Alexander and Chachuat, Beno{\^\i}t and Barton, Paul I.},
  journal={Journal of Global Optimization},
  volume={45},
  number={1},
  pages={63},
  year={2009},
  publisher={Springer}
}
@article{ mitsos10,
  title={Global solution of nonlinear mixed-integer bilevel programs},
  author={Mitsos, Alexander},
  journal={Journal of Global Optimization},
  volume={47},
  number={4},
  pages={557--582},
  year={2010},
  publisher={Springer US}
}

@article{blankenshipEA76,
  title={Infinitely constrained optimization problems},
  author={Blankenship, Jerry W. and Falk, James E.},
  journal={Journal of Optimization Theory and Applications},
  volume={19},
  number={2},
  pages={261--281},
  year={1976},
  publisher={Springer}
}
@article{ mitsos11,
  title={Global optimization of semi-infinite programs via restriction of the right-hand side},
  author={Mitsos, Alexander},
  journal={Optimization},
  volume={60},
  number={10-11},
  pages={1291--1308},
  year={2011},
  publisher={Taylor \& Francis}
}
@article{ mitsosEA15,
  title={Global optimization of generalized semi-infinite programs via restriction of the right hand side},
  author={Mitsos, Alexander and Tsoukalas, Angelos},
  journal={Journal of Global Optimization},
  volume={61},
  number={1},
  pages={1--17},
  year={2015},
  publisher={Springer US}
}
@article{ harwoodEA16,
  title={Lower level duality and the global solution of generalized semi-infinite programs},
  author={Harwood, Stuart M. and Barton, Paul I.},
  journal={Optimization},
  volume={65},
  number={6},
  pages={1129--1149},
  year={2016},
  publisher={Taylor \& Francis}
}

@article{ diehlEA13,
  title={A lifting method for generalized semi-infinite programs based on lower level {W}olfe duality},
  author={Diehl, Moritz and Houska, Boris and Stein, Oliver and Steuermann, Paul},
  journal={Computational Optimization and Applications},
  volume={54},
  number={1},
  pages={189--210},
  year={2013},
  publisher={Springer}
}

@article{ stein12,
  title={How to solve a semi-infinite optimization problem},
  author={Stein, Oliver},
  journal={European Journal of Operational Research},
  volume={223},
  number={2},
  pages={312--320},
  year={2012},
  publisher={Elsevier}
}

@article{ still04,
  title={Solving generalized semi-infinite programs by reduction to simpler problems},
  author={Still, Georg},
  journal={Optimization},
  volume={53},
  number={1},
  pages={19--38},
  year={2004},
  publisher={Taylor \& Francis}
}

@article{ gunzelEA07,
  title={On the closure of the feasible set in generalized semi-infinite programming},
  author={G{\"u}nzel, Harald and Jongen, Hubertus Th. and Stein, Oliver},
  journal={Central European Journal of Operations Research},
  volume={15},
  number={3},
  pages={271--280},
  year={2007},
  publisher={Springer-Verlag}
}